%% This BibTeX bibliography file was created using BibDesk.
%% https://bibdesk.sourceforge.io/

%% Created for Dascha at 2024-10-30 00:56:51 +0300 


%% Saved with string encoding Unicode (UTF-8) 


@techreport{rodina2012,
	author = {Оксана Викторовна Родина},
	month = {июль-август},
	title = {Отчёт о прохождении горного спортивного туристического маршрута первой категории сложности по Центральному Тянь-Шаню (хребет Терскей-Алатау)},
	type = {1},
	year = {2012},
	bdsk-url-1 = {tlibfixme}
}

@techreport{tipsina2024,
	author = {Типсина  Наталья Сергеевна},
	date-added = {2024-10-12 19:08:06 +0300},
	date-modified = {2024-10-12 19:17:50 +0300},
	institution = {Федерация спортивного туризма г. Томска},
	month = {июль-август},
	title = {Отчёт о прохождении туристского маршрута первой категории сложности по Центральному Тянь-Шаню (хребет Терскей Алатау)},
	year = {2024},

@misc{WestraCat,
	howpublished = {\url{https://westra.ru/passes/}},
	title = {Каталог перевалов т/к <<Вестра>>}}

@techreport{sergeev2024,
	author = {Сергеев Григорий Сергеевич},
	date-added = {2024-05-25 02:44:38 +0300},
	date-modified = {2024-05-25 02:47:12 +0300},
	title = {Отчёт о прохождении горного туристского спортивного маршрута первой категории сложности по Центральному Тянь-Шаню (хребет Терскей-Алатау)},
	url = {fixme},
	year = {28.07.2024 -- 05.08.2024},
	bdsk-url-1 = {fixme}}

@techreport{smurov2024,
	author = {Смуров Александр Андреевич},
	date-added = {2024-05-25 02:35:04 +0300},
	date-modified = {2024-05-25 02:47:32 +0300},
	institution = {Турклуб <<Муравейник>>},
	title = {Отчёт оо горном туристском походе первой категории сложности по  Терскею Алатау},
	type = {Горный, 1 к.с.},
	url = {fixme},
	year = {05.08.2024 -- 25.08.2024},
	bdsk-url-1 = {fixme}}

@techreport{kovinov2021,
	author = {Ковинов},
	date-added = {2024-05-25 02:24:33 +0300},
	date-modified = {2024-05-25 02:47:22 +0300},
	institution = {МФТИ},
	title = {Отчет о горном походе 1 с эл. 2 к.с. по Западному Кавказу (Гвандра) в августе 2015 года},
	type = {Горный, 1 к.с. с эл-тами 2 к.с.},
	url = {http://www.mountain.ru/article/article_display1.php?article_id=7954&code=1},
	year = {02.08.2015 -- 13.08.2015},
	bdsk-url-1 = {http://www.mountain.ru/article/article_display1.php?article_id=7954&code=1}}

@techreport{Anuchina2019,
	author = {Анучина Светлана},
	date-added = {2024-05-22 20:55:47 +0300},
	date-modified = {2024-05-25 02:33:53 +0300},
	title = {Горная прогулка трёх ростовчан},
	url = {https://asvetka.livejournal.com/84201.html},
	urldate = {06.04.2020},
	year = {12.08.2019 -- 21.08.2019},
	bdsk-url-1 = {https://asvetka.livejournal.com/84201.html}}

@online{order_kbr,
	title = {Приказ №407 ФСБ РФ <<О пределах пограничной зоны на территории Кабардино-Балкарской республики>>},
	url = {http://publication.pravo.gov.ru/document/0001202309280002},
	urldate = {2024-09-05},
	year = 2023,
	bdsk-url-1 = {http://publication.pravo.gov.ru/document/0001202309280002}}

@online{proza,
	title = {Краткий словарь географических названий},
	url = {https://studopedia.ru/12_23868_l-v-vegener.html},
	urldate = {2024-10-26},
	
}

@online{caucatalogue,
	title = {Каталог Кавказских гор. Перемётный (Чунгурджарский) перевал},
	url = {https://www.caucatalog.ru/base/peremetnyi_chungurdzharskii_pass.html},
	urldate = {2024-10-30},
}

@online{istyagina2015,
	title = {Отчет о горном маршруте 1 с эл.2 кспо Гвандре (Зап. Кавказ), совершённом в период со 21 июля по 4 августа 2018 года.},
	url = {http://www.mountain.ru/article/mainarticle.php?article_id=9641},
	urldate = {2024-10-31},
}